1487 2678
154 145 219 178 294
560 148 596 178 Q.
629 148 798 172 HORATH
829 148 966 173 FLAcc1

154 223 271 260 Dives
291 223 371 271 opis
390 225 525 258 natura
544 234 643 268 suae,
663 225 706 257 tu
726 220 756 257 si
776 221 886 258 modo
905 226 1003 258 recte

153 283 381 333 Dispensare
400 283 504 329 velis,
526 296 569 319 ac
587 295 661 319 non
680 281 858 332 fugienda
876 282 1044 331 petendis
1354 287 1396 325 75

154 344 390 381 Immiscere!
446 344 527 380 Tuo
547 342 640 380 vitio
658 356 830 379 rerumne
850 342 1005 390 labores,

153 406 221 443 Nil
239 406 371 442 referre
389 404 528 456 putas?
584 404 722 451 Quare,
743 418 788 441 ne
807 404 993 454 poeniteat
1012 409 1062 453 te,

153 466 291 504 Desine
309 471 499 504 matronas
518 466 702 512 sectarier,
722 465 820 502 unde
839 465 976 502 laboris

153 528 246 565 Plus
264 527 413 565 haurire
431 526 520 563 mali
539 530 605 573 est,
627 538 742 575 quam
761 539 807 562 ex
825 539 864 562 re
884 526 1076 576 decerpere
1096 527 1253 566 fructus.

153 589 233 626 Nec
253 589 372 640 magis
390 588 490 634 huic,
505 587 633 623 niveos
652 587 748 622 inter
766 586 976 636 viridesque
994 588 1141 637 lapillos
1353 596 1399 628 80

153 649 212 686 Sit
230 649 326 696 licet,
347 649 428 696 hoc,
444 647 632 693 Cerinthe,
652 651 718 683 tuo
737 651 906 683 tenerum
926 652 982 684 est
1000 649 1120 685 femur
1139 653 1206 687 aut
1225 662 1310 687 crus

154 711 319 754 Rectius,
340 714 452 760 atque
471 709 583 746 etiam
602 708 734 745 melius
753 722 928 758 persaepe
947 713 1096 760 togatae
1115 715 1182 748 est.

153 773 265 810 Adde
283 773 368 818 huc,
390 771 490 821 quod
509 783 667 806 mercem
687 770 764 807 sine
784 770 879 807 fucis
896 775 1041 821 gestat3
1070 777 1208 822 aperte,

155 835 268 879 Quod
285 834 413 871 venale
432 833 555 879 habet,
577 832 762 876 ostendit;
791 846 869 879 nec,
890 833 921 869 si
940 833 1033 882 quid
1051 834 1197 871 honesti
1216 838 1283 882 est,

153 897 178 933 J
182 900 281 934 aetat
301 896 487 945 habetque
506 895 643 944 palam,
664 893 810 944 quaerit
826 907 900 944 quo
918 894 1046 943 turpia
1065 895 1170 932 celet.
1355 900 1398 932 85

206 958 373 1010 Regibus
392 957 454 994 hic
472 970 553 993 mos
572 960 638 1003 est,
659 956 726 993 ubi
744 969 857 1006 equos
876 959 1101 1005 mercantur,
1121 962 1269 1007 opertos

155 1019 366 1069 Inspiciunt
381 1033 392 1063 3
420 1031 477 1064 ne,
498 1018 529 1055 si
548 1016 671 1064 facies,
690 1020 734 1054 ut
753 1029 872 1066 saepe,
890 1016 1021 1053 decora

155 1081 265 1118 Molli
284 1081 380 1117 fulta
398 1080 492 1129 pede
510 1083 577 1125 est,
599 1082 777 1115 emtorem
795 1077 950 1114 inducat
969 1077 1149 1124 hiantem,

156 1142 269 1186 Quod
288 1141 465 1191 pulchrae
485 1140 621 1185 clunes,
642 1139 754 1175 breve
774 1138 875 1188 quod
894 1143 1019 1187 caput,
1041 1139 1160 1176 ardua
1178 1140 1327 1176 cervix:

154 1205 241 1241 Hoc
260 1204 314 1241 illi
332 1207 453 1240 recte:
482 1215 528 1239 ne
547 1201 710 1250 eorporis
729 1201 871 1250 optima
890 1199 1032 1249 Lyncei
1355 1206 1400 1238 90

155 1266 415 1314 Contemplere
434 1264 562 1310 oculis,
583 1263 768 1312 Hypsaea
789 1261 929 1299 caecior
948 1262 1012 1298 illa

155 1330 263 1374 Quae
281 1329 381 1366 mala
399 1331 486 1365 sunt
505 1325 746 1375 spectes—O
763 1339 851 1362 crus
863 1327 878 1361 !
924 1325 955 1362 0
969 1325 1123 1362 brachia
1134 1324 1353 1362 !-—Verum

157 1391 342 1442 Depygis,
363 1393 509 1433 nasuta,
530 1387 635 1424 brevi
653 1387 768 1422 latere
789 1399 830 1422 ac
850 1385 942 1435 pede
960 1386 1071 1436 longo
1091 1390 1158 1423 est.

155 1452 355 1489 Matronae
372 1454 518 1500 praeter
536 1448 666 1485 faciem
684 1446 738 1483 nil
757 1459 901 1482 cernere
920 1446 1050 1495 possis,

156 1512 302 1558 Cetera,
322 1511 361 1547 ni
381 1509 493 1548 Catia
511 1512 578 1555 est,
599 1507 758 1544 demissa
777 1510 879 1543 veste
897 1506 1067 1557 tegentis,
1356 1511 1399 1543 95

156 1573 196 1611 Si
216 1572 413 1610 interdicta
431 1574 546 1620 petes,
566 1569 666 1606 vallo
686 1567 927 1614 circumdata,
951 1570 1058 1618 (nam
1075 1572 1114 1605 te

156 1636 242 1673 Hoc
261 1635 349 1672 facit
369 1632 574 1680 insanum,)
594 1631 735 1667 multae
752 1630 823 1667 tibi
841 1634 924 1666 tum
944 1629 1106 1666 officient
1123 1641 1204 1667 res:

157 1695 352 1741 Custodes,
372 1694 514 1739 lec-tica,
535 1691 734 1737 ciniflones,
754 1690 952 1740 parasitae,

157 1757 222 1794 Ad
241 1757 335 1794 talos
354 1755 450 1792 stola
468 1752 637 1798 demi-ssa,
657 1755 694 1788 et
709 1751 938 1788 circumdata
958 1751 1082 1800 palla3

157 1818 339 1864 Plurima,
359 1829 454 1866 quac
474 1814 663 1851 invideant
682 1826 774 1862 pure
794 1825 971 1861 apparere
988 1811 1058 1849 tibi
1077 1823 1167 1848 rem.
1333 1814 1401 1847 100

210 1879 344 1916 Altera
362 1877 415 1914 nil
435 1876 580 1914 obstat:
611 1873 698 1911 Cois
716 1873 786 1910 tibi
806 1886 923 1922 paene
941 1872 1066 1909 videre
1082 1875 1139 1908 est

157 1941 216 1978 Ut
235 1941 375 1977 nudam
391 1954 401 1984 3
430 1952 475 1975 ne
496 1949 601 1974 crure
619 1936 729 1982 malo,
749 1948 795 1971 ne
814 1934 862 1971 sit
881 1934 974 1984 pede
993 1934 1109 1983 turpi,

159 2001 288 2038 Metiri
307 1999 426 2050 possis
446 1999 551 2036 oculo
569 1997 680 2034 latus.
735 1996 799 2032 An
817 1995 888 2032 tibi
907 1995 1028 2032 mavis

156 2062 319 2100 'Insidias
338 2062 430 2108 fieri,
450 2061 686 2111 pretiumque
701 2058 861 2105 avellier,
882 2061 969 2094 ante

159 2124 285 2169 Quam
303 2136 463 2161 mercem
482 2120 653 2159 ostendi?
708 2121 889 2170 Leporem
909 2126 1062 2156 venator
1081 2125 1123 2155 ut
1141 2117 1220 2154 alta
1335 2121 1401 2154 105
1436 2153 1439 2155 .

157 2186 211 2222 In
230 2185 314 2222 nive
331 2192 498 2230 sectetur,
517 2183 682 2234 positum
700 2181 752 2218 sic
772 2189 920 2230 tanyere
938 2179 1045 2225 nolit,

160 2247 302 2285 Gantat
315 2261 325 2290 3
354 2250 390 2282 et
412 2244 579 2295 apponit,
600 2244 709 2281 Meus
727 2250 777 2280 est
795 2255 902 2279 amor
920 2240 1007 2277 huic
1021 2239 1160 2277 similis
1170 2252 1189 2281 ;
1218 2251 1310 2276 nam

164 2307 390 2346 Transvolat
404 2307 446 2343 in
466 2306 581 2343 medio
593 2305 730 2355 posita,
747 2302 983 2354 etfuffientia
1001 2308 1139 2351 captat.

160 2368 314 2406 Hiscine
334 2367 524 2404 versiculis
543 2378 668 2415 speras
686 2364 756 2401 tibi
775 2376 880 2413 posse
901 2362 1057 2407 dolores,

163 2431 291 2479 Atque
310 2431 445 2474 aestus,
466 2439 646 2476 curasque
664 2438 796 2476 graves
815 2437 834 2461 e
852 2426 999 2473 pectore
1017 2420 1128 2459 tolli?
1340 2425 1406 2456 110
