1456 2694
479 151 700 176 SERMONUM
756 151 833 177 Lm.
864 152 891 177 1.
923 148 956 178 3.
1282 148 1346 182 295

101 228 235 264 Nonne
255 224 492 276 cupidinibus
510 227 653 261 statuat
672 227 808 261 natura
826 225 980 262 modum
1000 239 1123 276 quem,

101 288 205 333 Quid
224 289 359 332 latura,
380 285 450 323 sibi
470 285 562 335 quid
581 284 629 321 sit
650 283 810 321 dolitura
829 290 1018 335 negatum,

100 350 287 394 Quaerere
305 348 390 398 plus
408 346 572 397 prodest⁷
594 349 630 383 et
650 345 759 383 inane
779 346 991 384 abscindere
1010 348 1112 385 soldo
1129 349 1144 386 2

99 410 218 456 Num,
237 409 307 446 tibi
326 420 443 458 quum
464 407 588 443 fauces
607 406 683 443 urit
703 405 796 453 sitis,
818 419 929 444 aurea
948 408 1093 457 quaeris

99 471 239 509 Pocula.
256 470 271 507 ’ἐ
299 482 390 507 num
409 468 570 506 esuriens
590 467 735 505 fastidis
754 468 879 505 omnia
897 473 1043 517 praeter
1280 475 1345 507 115

98 532 290 569 Pavonem
308 531 582 581 rhombumque
598 530 612 567 2
633 534 780 568 tument
798 531 869 568 tibi
885 543 1002 581 quum
1019 531 1184 583 inguina,
1196 545 1300 579 num,
1315 534 1346 570 si

97 593 250 630 Ancilla
269 596 335 629 aut
353 605 467 629 verna
486 597 540 629 est
559 596 704 642 praesto
725 605 829 642 puer,
850 591 1012 642 impetus
1030 593 1069 629 in
1089 605 1201 642 quem

98 653 286 691 Continuo
305 653 384 700 fiat,
404 653 512 689 malis
531 653 711 703 tentigine
730 653 856 703 rumpi
872 653 887 690 Ζ

98 715 187 751 Non
206 727 272 765 ego
288 729 299 759 3
327 727 488 764 namque
507 714 713 763 parabilem
733 727 817 751 amo
838 714 1021 750 Venerem
1042 714 1333 765 facilemque.—

98 775 222 822 Illam,
242 776 334 812 Post
340 776 459 825 paulo
476 789 488 810 .·
520 775 595 812 Sed
605 775 738 824 pluris
752 789 765 811 :
796 775 842 812 Si
863 775 994 812 exierit
1012 774 1075 811 vir
1090 789 1102 811 :
1280 780 1347 812 120

97 836 220 874 Gallis
232 850 242 881 ;
271 836 367 872 hanc
388 835 630 872 Philodemus
650 836 704 873 ait
723 835 806 882 sibi,
828 848 922 885 quae
940 848 1059 885 neque
1077 848 1214 887 magno

97 897 179 935 Stet
197 896 328 946 pretio,
348 909 467 946 neque
486 900 692 941 cunctetur,
714 908 832 945 quum
852 899 907 932 est
921 895 1029 945 jussa
1047 895 1184 933 venire.

97 958 270 996 Candida
288 962 462 1007 rectaque
482 957 530 994 sit
545 972 555 1002 3
585 957 726 993 munda
745 957 934 1003 hactenus,
956 960 999 993 ut
1019 969 1138 1007 neque
1156 957 1268 1008 longa

97 1019 178 1056 Nec
198 1018 316 1069 magis
336 1019 420 1055 alba
439 1018 541 1063 velit,
563 1031 676 1067 quam
696 1018 760 1054 det
778 1021 924 1062 natura,
945 1017 1075 1054 videri.

97 1078 202 1116 Haec
219 1079 285 1115 ubi
304 1079 500 1128 supposuit
520 1078 651 1115 dextro
672 1091 805 1127 corpus
824 1078 918 1114 mihi
938 1078 1099 1123 laevum,
1280 1082 1345 1114 125

96 1139 170 1177 Ilia
188 1144 225 1177 et
245 1140 381 1192 Egeria
400 1143 455 1176 est
473 1154 482 1184 ;
512 1139 559 1176 do
578 1152 713 1175 nomen
733 1138 927 1188 quodlibet
947 1138 1012 1183 illi,

97 1201 178 1238 Nec
197 1215 335 1247 vereor,
354 1214 412 1247 ne,
434 1200 524 1237 dum
545 1201 664 1245 futuo,
686 1199 744 1235 vir
763 1212 846 1235 rure
865 1201 1044 1244 recurrat,

97 1261 223 1299 Janua
241 1263 447 1313 frangatur,
467 1262 577 1298 latret
596 1260 708 1307 canis,
728 1259 894 1309 undique
913 1271 1049 1310 magno

97 1322 215 1359 Pulsa
236 1322 368 1359 domus
387 1321 545 1371 strepitu
567 1324 723 1367 resonet,
744 1322 836 1357 vae!
862 1319 1002 1369 pallida
1020 1319 1117 1355 lecto

98 1382 258 1420 Desiliat
276 1382 422 1429 mulier,
442 1382 615 1418 miseram
637 1394 676 1418 se
695 1381 841 1418 conscia
861 1381 995 1417 clamet
1010 1395 1021 1424 ;
1279 1382 1344 1416 130

99 1443 284 1481 Cruribus
302 1444 392 1480 haec
410 1447 569 1489 metuat,
590 1443 669 1480 doti
689 1442 879 1492 deprensa,
900 1445 1046 1492 egomet
1066 1443 1130 1478 mi.

99 1503 292 1541 Discincta
309 1504 437 1541 tunica
455 1503 674 1555 fugiendum
693 1507 749 1540 est
767 1516 809 1539 ac
828 1502 921 1552 pede
940 1501 1052 1548 nudo,

101 1566 159 1602 Ne
176 1564 321 1602 nummi
339 1569 504 1614 pereant,
525 1568 590 1601 aut
610 1577 723 1615 pyga,
743 1567 810 1600 aut
829 1562 987 1612 denique
1006 1563 1117 1599 sema.

99 1626 291 1676 Deprendi
304 1626 481 1663 miserum
502 1629 581 1671 est3
611 1624 729 1662 Fabio
747 1624 807 1662 vel
821 1623 949 1673 judice
967 1622 1126 1660 vincam.

565 1731 768 1768 SATIRA
796 1731 875 1770 III.

192 1811 237 1840 IN
261 1809 629 1840 OBTRECTATORES
653 1810 706 1839 ET
729 1809 1021 1839 SUPERCILIUM
1045 1809 1246 1841 STOICUM.

99 1867 289 1905 OMNIBUS
308 1867 378 1904 hoc
396 1867 531 1904 vitium
551 1871 607 1904 est
626 1867 851 1913 cantoribus,
872 1867 968 1903 inter
986 1867 1124 1906 amicos

99 1927 157 1966 Ut
175 1941 369 1978 nunquam
388 1927 567 1965 inducant
587 1928 752 1965 animum
774 1930 923 1965 cantare
939 1928 1072 1979 rogati,

141 2009 253 2039 Sume
279 2010 388 2039 HL—
398 2010 470 2039 This
502 2009 597 2039 Satire
626 2010 650 2038 is
681 2009 809 2038 directed
839 2009 949 2046 against
979 2008 1030 2038 the
1054 2009 1224 2038 inclination
1246 2009 1340 2038 which

99 2062 188 2090 many
202 2062 320 2090 persons
334 2053 391 2082 feel
408 2058 438 2081 to
453 2058 506 2091 put
521 2063 538 2081 a
552 2053 607 2082 bad
623 2053 821 2081 construction
836 2061 874 2079 on
891 2051 939 2080 the
952 2052 1062 2080 actions
1076 2052 1108 2080 of
1120 2051 1228 2087 others,
1240 2052 1297 2081 and
1309 2058 1340 2080 to

98 2100 266 2133 exaggemte
281 2095 332 2124 the
343 2095 431 2124 faults
446 2095 542 2124 which
558 2095 629 2132 they
645 2104 712 2131 may
735 2095 863 2131 perceive
879 2095 909 2122 in
925 2093 1001 2122 their
1015 2093 1162 2123 character
1171 2104 1203 2123 or
1218 2095 1339 2133 disposi-

99 2138 172 2167 tion.
218 2137 289 2167 This
304 2138 411 2176 failing,
428 2138 522 2167 which
546 2138 666 2176 perhaps
682 2137 736 2165 had
755 2141 807 2164 not
823 2137 895 2165 been
911 2146 981 2174 very
1002 2137 1154 2175 prevalent
1167 2137 1198 2165 in
1213 2137 1341 2175 republi-

99 2189 152 2209 can
167 2180 273 2216 Rome,
290 2181 376 2210 when
401 2181 450 2210 the
474 2182 592 2210 citizens
616 2180 694 2208 lived
721 2178 825 2217 openly
840 2180 870 2207 in
895 2179 965 2208 each
990 2177 1098 2209 other's
1113 2180 1197 2215 view,
1222 2180 1278 2208 had
1294 2180 1338 2208 in-

100 2223 213 2251 mmoed
224 2224 318 2252 under
333 2233 349 2252 a
364 2223 559 2253 monarchical
575 2228 777 2261 government,
799 2223 829 2250 in
845 2221 939 2250 which
962 2231 1075 2260 secrecy
1098 2222 1243 2260 produced
1268 2223 1339 2251 mis-

101 2270 178 2295 trust
191 2266 248 2294 and
259 2266 414 2304 suspicion.
461 2266 527 2296 The
543 2266 653 2294 satirist
672 2263 828 2293 concludes
845 2264 915 2293 with
931 2265 1057 2303 refuting
1072 2265 1122 2294 the
1137 2265 1242 2294 absurd
1258 2265 1337 2303 prin-

101 2306 175 2345 ciple
204 2308 237 2336 of
256 2308 305 2337 the
330 2309 555 2338 Portico-that
577 2308 617 2336 all
640 2306 730 2335 faults
757 2307 813 2335 and
839 2307 915 2336 vices
937 2306 1010 2338 have
1025 2308 1075 2336 the
1091 2317 1170 2337 same
1192 2308 1295 2345 degree
1311 2307 1342 2334 os

101 2351 257 2388 enormity.
303 2348 466 2391 (Duulop’s
484 2352 613 2381 Roman
630 2350 827 2387 Literature,
841 2349 901 2380 vol.
915 2350 956 2379 iii.
970 2360 1000 2388 p.
1017 2348 1105 2390 248.)

145 2402 260 2432 3-10.
309 2404 339 2434 3.
354 2405 480 2435 Sardus
495 2405 639 2439 habehat,
652 2405 704 2434 διε.
751 2406 770 2419 “
782 2403 922 2442 Tigellius
938 2405 971 2433 of
981 2403 1122 2439 Sardinia,
1138 2403 1234 2431 whom
1250 2412 1337 2437 every

102 2446 179 2483 body
193 2445 355 2486 recollecta,
371 2447 427 2477 had
442 2448 500 2477 this
515 2446 652 2485 failing.⁷’
701 2446 762 2477 Ille
783 2448 807 2476 is
823 2446 890 2476 here
905 2447 1035 2486 strongly
1049 2446 1205 2486 emphatic,
1222 2445 1277 2473 and
1294 2446 1337 2472 in-

414 2558 430 2575 ἱ
