1456 2694
466 172 683 198 snmxoxml
739 172 815 196 Lm.
846 173 870 197 1.
905 167 936 197 2.
1237 168 1300 200 293

116 249 260 286 Audire
279 252 333 285 est
353 260 483 296 operae
502 247 676 295 pretium,
697 248 889 295 procedere
911 253 1006 285 recte

64 310 141 354 Qui
160 309 330 346 moechos
349 321 422 344 non
441 306 568 351 vultis,
589 314 632 343 ut
652 307 751 342 omni
773 314 876 355 parte
896 308 1079 353 laborent3

63 371 195 420 thue
213 369 286 406 illis
305 368 424 404 multo
445 371 620 415 corrupta
639 365 762 402 dolore
783 366 964 415 voluptas,

63 431 192 480 Atque
212 430 299 466 haec
318 441 401 465 rara
420 427 530 464 cadat
550 426 643 463 dura
662 426 758 462 inter
777 438 884 474 saepe
903 427 1049 475 pericla.
1260 435 1304 467 40

65 491 142 527 Hic
161 503 198 526 se
215 488 456 539 praecipitem
476 491 572 524 tecto
593 486 717 523 dedit:
748 486 808 523 ille
826 485 982 537 flagellis

65 550 129 587 Ad
147 554 305 587 mortem
324 561 473 586 caesus:
504 547 648 597 fugiens
668 546 728 583 hic
748 546 885 583 decidit
906 560 1027 584 acrem

65 611 298 648 Praedonum
316 611 354 647 in
375 610 525 647 turbam
543 624 550 646 :
583 608 684 646 dedit
703 608 762 645 hic
782 621 848 658 pro
867 622 1018 659 corpore
1035 622 1207 649 nummos
1223 626 1231 648 :

65 672 180 709 Hunc
199 671 483 722 perminxerunt
508 670 651 707 calones
667 684 677 713 ;
709 669 799 719 quin
819 669 931 706 etiam
951 670 1045 708 illud

65 733 227 780 Accidit,
245 736 288 770 ut
307 732 454 770 cuidam
473 736 585 768 testes
603 729 834 779 caudamque
854 730 1011 773 salacem
1261 738 1305 770 45

66 794 306 832 Demeterent
327 793 432 829 ferro.
482 791 507 828 J
510 805 574 828 ure
593 803 740 828 omnes:
768 790 893 828 Galba
910 792 1081 842 negabat.

117 854 250 891 Tutior
269 858 308 891 at
328 856 467 903 quanto
486 865 589 888 merx
610 856 664 888 est
684 851 721 887 in
740 851 853 888 classe
872 853 1055 890 secunda!

67 915 344 953 Libertinarum
365 914 458 960 dico,
481 913 678 950 Sallustius
698 913 736 948 in
755 925 847 962 quas

66 976 106 1014 N
108 989 156 1014 on
173 976 297 1012 minus
315 975 463 1020 insanit,
484 987 597 1023 quam
617 974 681 1022 qui
700 973 925 1010 moechatur.
976 976 1032 1011 At
1051 975 1110 1012 hic
1129 974 1171 1022 si,

69 1037 156 1082 Qua
170 1050 240 1083 res,
262 1049 337 1086 qua
354 1035 449 1072 ratio
469 1034 658 1079 suaderet,
671 1046 818 1082 quaque
838 1034 1001 1071 modeste
1263 1041 1307 1072 50

68 1097 251 1134 Munifico
271 1110 348 1133 esse
367 1096 464 1141 licet,
486 1095 596 1131 vellet
615 1094 735 1130 bonus
754 1098 866 1143 atque
885 1095 1065 1145 benignus

68 1157 182 1202 Esse;
212 1157 315 1194 daret
335 1160 517 1206 quantum
538 1155 626 1192 satis
646 1158 751 1200 esset,
772 1168 836 1191 nec
856 1155 926 1192 sibi
947 1155 1081 1192 damno

68 1217 324 1267 Dedecorique
343 1218 436 1253 foret
453 1231 461 1253 ε
488 1229 618 1252 verum
637 1215 706 1252 hoc
726 1228 763 1252 se
783 1215 1021 1264 amplectitur
1039 1228 1112 1252 uno
1128 1230 1138 1259 ;

69 1277 153 1315 Hoc
173 1282 285 1324 amat,
305 1277 374 1314 hoc
393 1276 521 1313 laudat
538 1291 546 1313 :
577 1276 791 1312 Matronam
811 1276 953 1312 nullam
972 1290 1039 1327 ego
1057 1280 1180 1327 tango,

69 1337 128 1375 'Ut
147 1337 336 1388 quondam
357 1337 562 1382 Marsaeus,
583 1339 726 1372 amator
746 1335 911 1386 Originis
930 1336 1002 1383 ille,
1264 1341 1308 1372 55

70 1398 147 1443 Qui
165 1398 329 1448 patrium
348 1397 484 1434 mimae
503 1396 617 1433 donat
636 1396 868 1445 fundumque
887 1397 1086 1447 laremque,

69 1460 137 1497 Nil
155 1460 267 1497 fuerit
284 1462 348 1507 mi,
365 1459 500 1509 inquit,
522 1472 607 1495 cum
626 1458 809 1496 uxoribus
828 1472 993 1508 unquam
1013 1460 1150 1499 alienis.

72 1521 215 1557 Verum
235 1524 290 1558 est
309 1533 394 1557 cum
412 1519 549 1565 mimis,
571 1522 626 1556 est
645 1532 730 1556 cum
748 1520 1014 1567 meretricibus,
1030 1522 1128 1559 unde
1219 1567 1225 1570 p

73 1584 190 1621 Fama
208 1583 350 1620 malum
369 1582 530 1633 gravius,
552 1595 664 1632 quam
682 1595 752 1629 res,
772 1582 900 1619 trahit.
957 1583 1020 1620 An
1040 1585 1109 1621 tibi
1129 1585 1274 1622 abunde

70 1645 271 1683 Personam
290 1645 380 1682 satis
401 1648 468 1690 est,
488 1657 562 1681 non
584 1644 688 1690 illud,
710 1645 892 1695 quidquid
912 1645 1050 1695 ubique
1266 1652 1309 1684 60

71 1705 211 1752 Officit,
232 1705 369 1742 evitare
386 1703 400 1741 ἲ
455 1703 601 1741 Bonam
622 1704 819 1754 deperdere
838 1705 985 1751 famam,

70 1766 167 1803 Rem
186 1765 304 1815 patris
323 1765 511 1811 oblimare,
532 1765 675 1801 malum
695 1769 748 1802 est
768 1765 989 1815 ubicunque.
1047 1766 1149 1811 Quid
1169 1766 1278 1804 inter·

71 1827 152 1869 Est,
174 1826 211 1863 in
230 1829 412 1872 matrona,
434 1825 566 1862 ancilla
585 1839 757 1875 peccesne
775 1826 930 1876 togata?

116 1887 256 1923 Villius
276 1884 315 1922 in
334 1886 475 1923 Fausta
495 1885 618 1922 Sullae
636 1899 758 1937 gener,
780 1886 848 1922 hoc
868 1886 978 1923 miser
997 1899 1069 1922 uno

72 1945 232 1984 Nomine
252 1946 438 1996 deceptus,
457 1958 595 1995 poenas
617 1946 719 1983 dedit
738 1943 855 1995 usque
875 1958 1056 1995 superque
1267 1952 1310 1985 65

73 2007 198 2052 Quam
216 2007 308 2045 satis
324 2011 378 2044 est
393 2021 406 2052 ,-
433 2006 571 2058 pugnis
590 2020 727 2052 caesus,
749 2008 915 2055 ferroque
934 2007 1073 2055 petitus
1088 2022 1099 2052 3

73 2067 257 2105 Exclusus
276 2068 364 2114 fore,
385 2080 502 2117 quum
524 2067 768 2118 Longarenus
786 2068 878 2103 foret
897 2067 1007 2103 intus.

74 2128 175 2166 Huic
194 2129 225 2167 si
243 2129 406 2166 mutonis
426 2129 548 2166 verbis
567 2129 665 2165 mala
689 2132 794 2164 tanta
813 2128 974 2165 videntis
1012 2134 1017 2138 ’

73 2188 222 2226 Diceret
240 2189 329 2226 haec
348 2189 494 2226 animus
512 2204 519 2226 :
552 2189 653 2236 Quid
671 2188 725 2225 vis
745 2188 811 2225 cibi
826 2188 846 2224 ,9
875 2189 1063 2237 namquid
1080 2203 1140 2239 eqo
1158 2203 1181 2227 a
1202 2198 1232 2228 te

72 2249 212 2298 Μαῃηο
222 2258 457 2300 proffnatum
475 2251 618 2300 deposco
639 2248 795 2286 Consule
813 2262 994 2295 cunnum,
1267 2254 1310 2290 70

84 2309 323 2358 Velatumque
341 2312 446 2357 stola,
466 2324 548 2348 mea
565 2322 681 2358 quum
700 2309 906 2358 cml-ferbuit
924 2309 987 2346 ira
1001 2309 1020 2347 ,9

74 2369 178 2414 Quid
196 2371 459 2420 responderet?
509 2371 649 2421 Magno
667 2374 773 2420 patre
791 2374 879 2407 nata
897 2370 1020 2420 puella
1038 2375 1103 2408 est.

70 2433 131 2485 ‘At
150 2434 289 2480 quanto
302 2431 455 2470 meliora
472 2436 609 2478 monet,
630 2431 908 2482 pugnantiaque
926 2431 1020 2479 istis,

436 2579 452 2596 ἱ
